@book{cervantes1999,
	address = {New York},
	edition = {1st ed},
	series = {A {Norton} critical edition},
	title = {Don {Quijote}: a new translation, backgrounds and contexts, criticism},
	isbn = {9780393972818},
	shorttitle = {Don {Quijote}},
	language = {eng},
	publisher = {W.W. Norton},
	author = {Cervantes Saavedra, Miguel de and Raffel, Burton and Wilson, Diana de Armas},
	year = {1999},
	keywords = {Cervantes Saavedra, Miguel de, Don Quixote},
}

@online{geeksforgeeksKruskal,
	title = {{Kruskal{'}s Minimum Spanning Tree Algorithm {$\vert$} Greedy Algo-2 - GeeksforGeeks}},
	journal = {GeeksforGeeks},
	year = {2022},
	month = apr,
	url = {https://www.geeksforgeeks.org/kruskals-minimum-spanning-tree-algorithm-greedy-algo-2}
}

@online{geeksforgeeksUnionFind,
	title = {{Disjoint Set (Or Union-Find) {$\vert$} Set 1 (Detect Cycle in an Undirected Graph) - GeeksforGeeks}},
	journal = {GeeksforGeeks},
	year = {2022},
	month = jan,
	url = {https://www.geeksforgeeks.org/union-find}
}

@online{youtubeKruskal,
	author = {Sambol, Michael},
	title = {{Kruskal's algorithm in 2 minutes {\ifmmode---\else\textemdash\fi} Review and example}},
	journal = {YouTube},
	year = {2012},
	month = nov,
	publisher = {Youtube},
	url = {https://www.youtube.com/watch?v=71UQH7Pr9kU}
}

@book{Albertson_Hutchinson_1988, 
    address={Nashville, TN}, 
    title={Discrete mathematics with algorithms}, 
    ISBN={9780471849025}, 
    publisher={John Wiley \& Sons}, 
    author={Albertson, Michael O. and Hutchinson, Joan P.}, 
    year={1988}, 
    language={en},
    pages={264--267}
}
@book{Goodaire_Parmenter_2001, 
    address={Upper Saddle River, NJ}, 
    edition={2}, 
    title={Discrete mathematics with graph theory}, 
    ISBN={9780130920003}, 
    publisher={Pearson}, 
    author={Goodaire, Edgar G. and Parmenter, Michael M.}, 
    year={2001},
    pages={378, 383} 
}

@book{Crisler_Froelich_Fisher_1999, 
    address={New York, NY}, 
    edition={2}, 
    title={Discrete mathematics through applications}, 
    ISBN={9780716736523}, 
    publisher={W.H. Freeman}, 
    author={Crisler, Nancy and Froelich, Gary and Fisher, Patience}, 
    year={1999}, 
    language={en} 
}

@book{Otto_Spence_Vanden_Eynden_2001, 
    address={Upper Saddle River, NJ}, 
    edition={4}, 
    title={Discrete Mathematics}, 
    ISBN={9780321079121}, 
    publisher={Pearson}, 
    author={Otto, Albert D. and Spence, Lawrence E. and Vanden Eynden, Charles}, 
    editor={Dossey, John A.}, 
    year={2001} 
}

@book{Anderson_2000, 
    address={Upper Saddle River, NJ}, 
    title={Discrete mathematics with combinatorics}, 
    ISBN={9780130869982}, 
    publisher={Pearson}, 
    author={Anderson, James A.}, 
    year={2000}, 
    language={en} 
}

@book{Dasgupta_Papadimitriou_Vazirani_2006, 
    address={New York, NY}, 
    title={Algorithms}, 
    ISBN={9780073523408}, 
    publisher={McGraw-Hill Professional}, 
    author={Dasgupta, Sanjoy and Papadimitriou, Christos H. and Vazirani, Umesh V.}, 
    year={2006} 
}

@online{heuri,
	title = {algorithm - ¿Cuál es la diferencia entre un heurístico y un algoritmo?},
	year = {2022},
	month = jun,
	url = {https://www.web-dev-qa-db-es.com/es/algorithm/cual-es-la-diferencia-entre-un-heuristico-y-un-algoritmo/968038045}
}

